@inproceedings{Knoop,
 author = {Knoop, Jens and R\"{u}thing, Oliver and Steffen, Bernhard},
 title = {Lazy Code Motion},
 booktitle = {Proceedings of the ACM SIGPLAN 1992 Conference on Programming Language Design and Implementation},
 series = {PLDI '92},
 year = {1992},
 isbn = {0-89791-475-9},
 location = {San Francisco, California, USA},
 pages = {224--234},
 numpages = {11},
 url = {http://doi.acm.org/10.1145/143095.143136},
 doi = {10.1145/143095.143136},
 acmid = {143136},
 publisher = {ACM},
 address = {New York, NY, USA},
} 

@MISC{Drechsler,
    author = {Karl-heinz Drechsler and Manfred P. Stadel},
    title = {A Variation of Knoop, ROthing, and Steffen's Lazy Code Motion},
    year = {}
}
