@MISC{Graphal,
    title = {Graphal: Graph Algorithms Interpreter},
    url = {http://graphal.sourceforge.net/},
    misc = {The project was founded as a diploma thesis at Faculty of Electrical Engineering of Czech Technical University in Prague},
}

@MISC{ANSI,
    howpublished = {http://www.quut.com/c/ANSI-C-grammar-y-2011.html},
}
@inproceedings{Adar,
 author = {Adar, Eytan},
 title = {GUESS: A Language and Interface for Graph Exploration},
 booktitle = {Proceedings of the SIGCHI Conference on Human Factors in Computing Systems},
 series = {CHI '06},
 year = {2006},
 isbn = {1-59593-372-7},
 location = {Montr\&\#233;al, Qu\&\#233;bec, Canada},
 pages = {791--800},
 numpages = {10},
 url = {http://doi.acm.org/10.1145/1124772.1124889},
 doi = {10.1145/1124772.1124889},
 acmid = {1124889},
 publisher = {ACM},
 address = {New York, NY, USA},
 keywords = {domain-specific embedded language, graph layout, graph visualization},
}
